@book{adams1995hitchhiker,
  title={The Hitchhiker's Guide to the Galaxy},
  author = {Cumhur Erkut},
  publisher = {Cambridge University Press},
  address = {Cambridge, UK},
  isbn={9781417642595},
  url={http://books.google.com/books?id=W-xMPgAACAAJ},
  year={1995},
}
